@Book{test,
  title = 	 {"Foo"},
  publisher = 	 {"Bar"},
  year = 	 {"2013"},
}